
@inproceedings{PR1,
author=         {Sichitiu, M. L., Veerarittiphan, C.},
title=          {Simple, accurate time synchronization for wireless sensor networks. In Wireless Communications and Networking},
booktitle =     {IEEE (Vol. 2, pp. 1266-1273)},
year =          {2003},
publisher=      {IEEE},
}

@inproceedings{PR2,
author=         {Elson, J., Girod, L., Estrin, D.},
title=          {Fine-grained network time synchronization using reference broadcasts},
booktitle =     {ACM SIGOPS Operating Systems Review, 36(SI), 147-163},
year =          {2002},
}

@inproceedings{PR3,
author=         {Kanzaki, A., Uemukai, T., Hara, T., Nishio, S.},
title=          {Dynamic TDMA slot assignment in ad hoc networks. In Advanced Information Networking and Applications},
booktitle =     {Advanced Information Networking and Applications},
year =          {2003},
publisher=      {IEEE},
}

@inproceedings{PR4,
author=         {Abramson, N.},
title=          {Development of the ALOHANET},
booktitle =     {Information Theory, IEEE Transactions on, 31(2), 119-123},
year =          {1985},
publisher=      {IEEE},
}

@inproceedings{PR5,
author=         {Binder, R., Abramson, N., Kuo, F., Okinaka, A., Wax, D.},
title=          {ALOHA packet broadcasting: a retrospect},
booktitle =     {Proceedings of the May 19-22, 1975, national computer conference and exposition (pp. 203-215)},
year =          {1975},
publisher=      {ACM},
}

@inproceedings{PR6,
author=         {Yao, Y. D.},
title=          {An effective go-back-N ARQ scheme for variable-error-rate channels},
booktitle =     {Communications, IEEE Transactions on, 43(1), 20-23},
year =          {1995},
publisher=      {IEEE},
}

@inproceedings{PR7,
author=         {Moeneclaey, M., Bruneel, H., Bruyland, I., Chung, D. Y.},
title=          {Throughput optimization for a generalized stop-and-wait ARQ scheme},
booktitle =     {Communications, IEEE Transactions on, 34(2), 205-207},
year =          {1986},
publisher=      {IEEE},
}

@inproceedings{RFC1,
author=         {Wang, W., Wang, Y., Li, X. Y., Song, W. Z., Frieder, O.},
title=          {Efficient interference-aware TDMA link scheduling for static wireless networks},
booktitle =     {International Conference on Mobile Computing and Networking: Proceedings of the 12 th annual international conference on Mobile computing and networking (Vol. 23, No. 29, pp. 262-273)},
year =          {2006},
}

@inproceedings{RFC2,
author=         {van Hoesel, L. F. W., Havinga, P. J.},
title=          {A TDMA-based MAC protocol for WSNs},
booktitle =     {In Proceedings of the 2nd international conference on Embedded networked sensor systems (pp. 303-304)},
year =          {2004},
publisher=      {ACM},
}

@inproceedings{SPECK1,
author=         {Pochappan S S, Arvind D K, Walsh J, Richardson A M, Herman J},
title=          {Mobile Clinical Gait Analysis Using Orient Specks},
booktitle =     {2012 Ninth International Conference on Wearable and Implantable Body Sensor Networks},
year =          {2012},
}

@inproceedings{SPECK2,
author=         {Arvind D K and Bates C A},
title=          {The Speckled Golfer},
booktitle =     {3rd Int. Conf. on Body Area Networks},
year =          {2008},
publisher=      {IEEE},
address =		{Tempe AZ, USA},
}

@inproceedings{W1,
title=          {Energy Micro EFM32USB Drivers},
booktitle =     {http://www.energymicro.com/},
year =          {2013},
}

@inproceedings{W2,
title=          {pySerial},
booktitle =     {http://pyserial.sourceforge.net/},
year =          {2013},
}

@inproceedings{W3,
title=          {Python Global Interpretter Lock (GIL)},
booktitle =     {http://wiki.python.org/moin/GlobalInterpreterLock},
year =          {2013},
}

@inproceedings{W4,
title=          {RS232 C Library},
booktitle =     {http://www.teuniz.net/RS-232/},
year =          {2013},
}

@inproceedings{W5,
title=          {Nordic Semiconductor},
booktitle =     {http://www.nordicsemi.com/},
year =          {2013},
}

@inproceedings{W6,
title=          {Centre for Speckled Computing},
booktitle =     {http://www.nordicsemi.com/},
year =          {2013},
}
